@article{tang2009mrna,
  title={mRNA-Seq whole-transcriptome analysis of a single cell},
  author={Tang, Fuchou and Barbacioru, Catalin and Wang, Yangzhou and Nordman, Ellen and Lee, Clarence and Xu, Nanlan and Wang, Xiaohui and Bodeau, John and Tuch, Brian B and Siddiqui, Asim and others},
  journal={Nature methods},
  volume={6},
  number={5},
  pages={377--382},
  year={2009},
  publisher={Nature Publishing Group}
}

@article{klein2015droplet,
  title={Droplet barcoding for single-cell transcriptomics applied to embryonic stem cells},
  author={Klein, Allon M and Mazutis, Linas and Akartuna, Ilke and Tallapragada, Naren and Veres, Adrian and Li, Victor and Peshkin, Leonid and Weitz, David A and Kirschner, Marc W},
  journal={Cell},
  volume={161},
  number={5},
  pages={1187--1201},
  year={2015},
  publisher={Elsevier}
}

@article{vaswani2017attention,
  title={Attention is all you need},
  author={Vaswani, Ashish and Shazeer, Noam and Parmar, Niki and Uszkoreit, Jakob and Jones, Llion and Gomez, Aidan N and Kaiser, {\L}ukasz and Polosukhin, Illia},
  journal={Advances in neural information processing systems},
  volume={30},
  year={2017}
}

@article{rives2021biological,
  title={Biological structure and function emerge from scaling unsupervised learning to 250 million protein sequences},
  author={Rives, Alexander and Meier, Joshua and Sercu, Tom and Goyal, Siddharth and Lin, Zeming and Liu, Jason and Guo, Demi and Ott, Myle and Zitnick, C Lawrence and Ma, Jerry and others},
  journal={Proceedings of the national academy of sciences},
  volume={118},
  number={15},
  pages={e2016239118},
  year={2021},
  publisher={National Acad Sciences}
}

@article{cui2024scgpt,
  title={scGPT: toward building a foundation model for single-cell multi-omics using generative AI},
  author={Cui, Haotian and Wang, Chloe and Maan, Hassaan and Pang, Kuan and Luo, Fengning and Wang, Bo},
  journal={Nature Methods},
  volume={21},
  number={8},
  pages={1470--1480},
  year={2024},
  publisher={Nature Publishing Group}
}

@article{yang2022scbert,
  title={scBERT as a large-scale pretrained deep language model for cell type annotation of single-cell RNA-seq data},
  author={Yang, Fan and Wang, Wenchuan and Wang, Fang and Fang, Yuan and Tang, Duyu and Huang, Junzhou and Lu, Hui and Yao, Jianhua},
  journal={Nature Machine Intelligence},
  volume={4},
  number={10},
  pages={852--866},
  year={2022},
  publisher={Nature Publishing Group}
}

@article{tanay2017scaling,
  title={Scaling single-cell genomics from phenomenology to mechanism},
  author={Tanay, Amos and Regev, Aviv},
  journal={Nature},
  volume={541},
  number={7637},
  pages={331--338},
  year={2017},
  publisher={Nature Publishing Group}
}

@article{trapnell2015defining,
  title={Defining cell types and states with single-cell genomics},
  author={Trapnell, Corey},
  journal={Genome research},
  volume={25},
  number={10},
  pages={1491--1498},
  year={2015},
  publisher={Cold Spring Harbor Lab}
}

@article{luecken2019current,
  title={Current best practices in single-cell RNA-seq analysis: a tutorial},
  author={Luecken, Malte D and Theis, Fabian J},
  journal={Molecular systems biology},
  volume={15},
  number={6},
  pages={e8746},
  year={2019},
  publisher={EMBO Press}
}

@article{wolf2018scanpy,
  title={SCANPY: large-scale single-cell gene expression data analysis},
  author={Wolf, F Alexander and Angerer, Philipp and Theis, Fabian J},
  journal={Genome biology},
  volume={19},
  number={1},
  pages={1--5},
  year={2018},
  publisher={BioMed Central}
}

@article{luecken2021benchmarking,
  title={Benchmarking atlas-level data integration in single-cell genomics},
  author={Luecken, Malte D and B{\"u}ttner, Maren and Chaichoompu, Kridsadakorn and Danese, Anna and Interlandi, Marta and M{\"u}ller, Michaela F and Strobl, Daniel C and Zappia, Luke and Dugas, Martin and Col{\'o}n-Ramos, Daniel A and others},
  journal={Nature methods},
  volume={19},
  number={1},
  pages={41--50},
  year={2022},
  publisher={Nature Publishing Group}
}

@article{tran2020benchmark,
  title={A benchmark of batch-effect correction methods for single-cell RNA sequencing data},
  author={Tran, Hoa Thi Nhu and Ang, Kok Siong and Chevrier, Marion and Zhang, Xiaomeng and Lee, Nicole Yao Shan and Goh, Michelle and Chen, Jinmiao},
  journal={Genome biology},
  volume={21},
  number={1},
  pages={1--32},
  year={2020},
  publisher={BioMed Central}
}

@article{johnson2007adjusting,
  title={Adjusting batch effects in microarray expression data using empirical Bayes methods},
  author={Johnson, W Evan and Li, Cheng and Rabinovic, Ariel},
  journal={Biostatistics},
  volume={8},
  number={1},
  pages={118--127},
  year={2007},
  publisher={Oxford University Press}
}

@article{korsunsky2019fast,
  title={Fast, sensitive and accurate integration of single-cell data with Harmony},
  author={Korsunsky, Ilya and Millard, Nghia and Fan, Jean and Slowikowski, Kamil and Zhang, Fan and Wei, Kevin and Baglaenko, Yuriy and Brenner, Michael and Loh, Po-Ru and Raychaudhuri, Soumya},
  journal={Nature methods},
  volume={16},
  number={12},
  pages={1289--1296},
  year={2019},
  publisher={Nature Publishing Group}
}

@article{stuart2019comprehensive,
  title={Comprehensive integration of single-cell data},
  author={Stuart, Tim and Butler, Andrew and Hoffman, Paul and Hafemeister, Christoph and Papalexi, Efthymia and Mauck III, William M and Hao, Yuhan and Stoeckius, Marlon and Smibert, Peter and Satija, Rahul},
  journal={Cell},
  volume={177},
  number={7},
  pages={1888--1902},
  year={2019},
  publisher={Elsevier}
}

@article{lopez2018deep,
  title={Deep generative modeling for single-cell transcriptomics},
  author={Lopez, Romain and Regier, Jeffrey and Cole, Michael B and Jordan, Michael I and Yosef, Nir},
  journal={Nature methods},
  volume={15},
  number={12},
  pages={1053--1058},
  year={2018},
  publisher={Nature Publishing Group}
}

@article{xu2021probabilistic,
  title={Probabilistic harmonization and annotation of single-cell transcriptomics data with deep generative models},
  author={Xu, Chenling and Lopez, Romain and Mehlman, Edouard and Regier, Jeffrey and Jordan, Michael I and Yosef, Nir},
  journal={Molecular systems biology},
  volume={17},
  number={1},
  pages={e9620},
  year={2021},
  publisher={EMBO Press}
}

@article{haghverdi2018batch,
  title={Batch effects in single-cell RNA-sequencing data are corrected by matching mutual nearest neighbors},
  author={Haghverdi, Laleh and Lun, Aaron TL and Morgan, Michael D and Marioni, John C},
  journal={Nature biotechnology},
  volume={36},
  number={5},
  pages={421--427},
  year={2018},
  publisher={Nature Publishing Group}
}

@article{theodoris2023transfer,
  title={Transfer learning enables predictions in network biology},
  author={Theodoris, Christina V and Xiao, Ling and Chopra, Anant and Chaffin, Mark D and Al Sayed, Zeina R and Hill, Matthew C and Mantineo, Helene and Brydon, Elizabeth M and Zeng, Zexian and Liu, X Shirley and others},
  journal={Nature},
  volume={618},
  number={7965},
  pages={616--624},
  year={2023},
  publisher={Nature Publishing Group}
}

@article{minoura2021mixture,
  title={A mixture-of-experts deep generative model for integrated analysis of single-cell multiomics data},
  author={Minoura, Kodai and Abe, Ko and Nam, Hyunha and Nishikawa, Hiroyoshi and Shimamura, Teppei},
  journal={Cell reports methods},
  volume={1},
  number={5},
  pages={100071},
  year={2021},
  publisher={Elsevier}
}

@article{fedus2021switch,
  title={Switch transformer: Scaling to trillion parameter models with simple and efficient sparsity},
  author={Fedus, William and Zoph, Barret and Shazeer, Noam},
  journal={The Journal of Machine Learning Research},
  volume={23},
  number={1},
  pages={5232--5270},
  year={2022},
  publisher={JMLR}
}

@article{ms2023,
  title={Single-cell RNA sequencing reveals cellular heterogeneity in multiple sclerosis brain lesions},
  author={Multiple Sclerosis Consortium},
  journal={Nature Neuroscience},
  volume={26},
  number={4},
  pages={345--358},
  year={2023},
  publisher={Nature Publishing Group}
}

@article{myeloid2023,
  title={Cross-tissue analysis of myeloid cell heterogeneity},
  author={Myeloid Research Consortium},
  journal={Nature Immunology},
  volume={24},
  number={8},
  pages={1123--1138},
  year={2023},
  publisher={Nature Publishing Group}
}

@article{hpancreas2023,
  title={Pancreatic islet cell atlas across development and disease},
  author={Pancreas Research Group},
  journal={Cell Metabolism},
  volume={37},
  number={3},
  pages={456--473},
  year={2023},
  publisher={Elsevier}
}

@article{genept2023,
  title={GenePT: A simple but effective foundation model for genes and cells built from ChatGPT},
  author={Chen, Yiqun and Li, James and Lu, Lu},
  journal={bioRxiv},
  pages={2023--10},
  year={2023},
  publisher={Cold Spring Harbor Laboratory}
}

@article{transcriptformer2024,
  title={A cross-species generative cell atlas across 1.5 billion years of evolution},
  author={TranscriptFormer Consortium},
  journal={bioRxiv},
  pages={2024--04},
  year={2024},
  publisher={Cold Spring Harbor Laboratory}
}

@misc{pbmc10k_dataset,
  title={PBMC 10K Dataset},
  author={scvi-tools},
  howpublished={\url{https://docs.scvi-tools.org/en/stable/api/reference/scvi.data.pbmc_dataset.html}},
  year={2024}
}

@misc{covid19_dataset,
  title={COVID-19 Single-cell RNA-seq Dataset},
  author={COVID-19 Cell Atlas},
  howpublished={\url{https://drive.google.com/file/d/1eD9LbxNJ35YUde3VtdVcjkwm-f4iyJ6x/view?usp=drive_link}},
  year={2020}
}

@misc{czicellxgene_dataset,
  title={CZ CELLxGENE Discover},
  author={Chan Zuckerberg Initiative},
  howpublished={\url{https://cellxgene.cziscience.com/datasets}},
  year={2024}
}